%
%  An example of a bibliographical database for bibTeX
%
%  Recommended software for maintenance of *.bib files:
%    JabRef, http://jabref.sourceforge.net/
%
%  BEWARE:
%
%    *  If a name contains a capital letter, which must be kept such,
%       use curly brackets ({T}hailand, {HIV}).
%
%  ===========================================================================

@article{murtagh2008hierarchical,
	title={Hierarchical clustering of massive, high dimensional data sets by exploiting ultrametric embedding},
	author={Murtagh, Fionn and Downs, Geoff and Contreras, Pedro},
	journal={SIAM Journal on Scientific Computing},
	volume={30},
	number={2},
	pages={707--730},
	year={2008},
	publisher={SIAM}
}

@article{oh2004hierarchical,
	title={A hierarchical clustering algorithm for categorical sequence data},
	author={Oh, Seung-Joon and Kim, Jae-Yearn},
	journal={Information processing letters},
	volume={91},
	number={3},
	pages={135--140},
	year={2004},
	publisher={Elsevier}
}

@article{zhao2005hierarchical,
	title={Hierarchical clustering algorithms for document datasets},
	author={Zhao, Ying and Karypis, George and Fayyad, Usama},
	journal={Data mining and knowledge discovery},
	volume={10},
	number={2},
	pages={141--168},
	year={2005},
	publisher={Springer}
}

@inproceedings{mahalanobis1936generalized,
	title={On the generalized distance in statistics},
	author={Mahalanobis, Prasanta Chandra},
	year={1936},
	organization={National Institute of Science of India}
}

@article{fivser2012detection,
	title={Detection and monitoring of normal and leukemic cell populations with hierarchical clustering of flow cytometry data},
	author={Fi{\v{s}}er, Karel and Sieger, Tom{\'a}{\v{s}} and Schumich, Angela and Wood, Brent and Irving, Julie and Mejst{\v{r}}{\'\i}kov{\'a}, Ester and Dworzak, Michael N},
	journal={Cytometry Part A},
	volume={81},
	number={1},
	pages={25--34},
	year={2012},
	publisher={Wiley Online Library}
}

@article{day1984efficient,
	title={Efficient algorithms for agglomerative hierarchical clustering methods},
	author={Day, William HE and Edelsbrunner, Herbert},
	journal={Journal of classification},
	volume={1},
	number={1},
	pages={7--24},
	year={1984},
	publisher={Springer}
}

@article{weber2016comparison,
  title={Comparison of clustering methods for high-dimensional single-cell flow and mass cytometry data},
  author={Weber, Lukas M and Robinson, Mark D},
  journal={Cytometry Part A},
  volume={89},
  number={12},
  pages={1084--1096},
  year={2016},
  publisher={Wiley Online Library}
}

@Manual{mhcapackage,
	title = {mhca: Mahalanobis HCA},
	author = {Tomas Sieger and Karel Fiser},
	year = {2019},
	note = {R package version 0.2.9000},
	url = {http://github.com/tsieger/mhca},
}

@Manual{cuda,
	title   = {CUDA C++ Programming Guide},
	URL    = {https://docs.nvidia.com/cuda/cuda-c-programming-guide},
	year = {2021},
}

@article{kratochvil2020shinysom,
  title={ShinySOM: graphical SOM-based analysis of single-cell cytometry data},
  author={Kratochv{\'\i}l, Miroslav and Bedn{\'a}rek, David and Sieger, Tom{\'a}{\v{s}} and Fi{\v{s}}er, Karel and Vondr{\'a}{\v{s}}ek, Ji{\v{r}}{\'\i}},
  journal={Bioinformatics},
  volume={36},
  number={10},
  pages={3288--3289},
  year={2020},
  publisher={Oxford University Press}
}

@article{fastpg,
  title={FastPG: Fast clustering of millions of single cells},
  author={Bodenheimer, Tom and Halappanavar, Mahantesh and Jefferys, Stuart and Gibson, Ryan and Liu, Siyao and Mucha, Peter J and Stanley, Natalie and Parker, Joel S and Selitsky, Sara R},
  journal={bioRxiv},
  year={2020},
  publisher={Cold Spring Harbor Laboratory}
}

@article{gassen2015flowsom,
  title={FlowSOM: Using self-organizing maps for visualization and interpretation of cytometry data},
  author={van Gassen, Sofie and Callebaut, Britt and Van Helden, Mary J and Lambrecht, Bart N and Demeester, Piet and Dhaene, Tom and Saeys, Yvan},
  journal={Cytometry Part A},
  volume={87},
  number={7},
  pages={636--645},
  year={2015},
  publisher={Wiley Online Library}
}

@book{shapiro2005practical,
	title={Practical flow cytometry},
	author={Shapiro, Howard M},
	year={2005},
	publisher={John Wiley \& Sons}
}

@inproceedings{chang2009hierarchical,
  title={Hierarchical clustering with cuda/gpu.},
  author={Chang, Dar-Jen and Kantardzic, Mehmed M and Ouyang, Ming},
  booktitle={ISCA PDCCS},
  pages={7--12},
  year={2009},
  organization={Citeseer}
}

@article{zhang2006hierarchical,
  title={Hierarchical clustering of gene expression profiles with graphics hardware acceleration},
  author={Zhang, Qiong and Zhang, Yingsha},
  journal={Pattern Recognition Letters},
  volume={27},
  number={6},
  pages={676--681},
  year={2006},
  publisher={Elsevier}
}

@article{shirkhorshidi2015comparison,
  title={A comparison study on similarity and dissimilarity measures in clustering continuous data},
  author={Shirkhorshidi, Ali Seyed and Aghabozorgi, Saeed and Wah, Teh Ying},
  journal={PloS one},
  volume={10},
  number={12},
  pages={e0144059},
  year={2015},
  publisher={Public Library of Science San Francisco, CA USA}
}

@book{everitt2002cambridge,
  title={The Cambridge dictionary of statistics},
  author={Everitt, Brian and Skrondal, Anders},
  volume={106},
  year={2002},
  publisher={Cambridge University Press Cambridge}
}

@article{lugli2010data,
  title={Data analysis in flow cytometry: the future just started},
  author={Lugli, Enrico and Roederer, Mario and Cossarizza, Andrea},
  journal={Cytometry Part A},
  volume={77},
  number={7},
  pages={705--713},
  year={2010},
  publisher={Wiley Online Library}
}

@inproceedings{krulivs2020detailed,
  title={Detailed Analysis and Optimization of CUDA K-means Algorithm},
  author={Kruli{\v{s}}, Martin and Kratochv{\'\i}l, Miroslav},
  booktitle={49th International Conference on Parallel Processing-ICPP},
  pages={1--11},
  year={2020}
}

@inproceedings{gowanlock2017clustering,
  title={Clustering throughput optimization on the GPU},
  author={Gowanlock, Michael and Rude, Cody M and Blair, David M and Li, Justin D and Pankratius, Victor},
  booktitle={2017 IEEE International Parallel and Distributed Processing Symposium (IPDPS)},
  pages={832--841},
  year={2017},
  organization={IEEE}
}

@article{cuomo2019gpu,
  title={A GPU-accelerated parallel K-means algorithm},
  author={Cuomo, Salvatore and De Angelis, V and Farina, Gennaro and Marcellino, Livia and Toraldo, Gerardo},
  journal={Computers \& Electrical Engineering},
  volume={75},
  pages={262--274},
  year={2019},
  publisher={Elsevier}
}
