@inproceedings{vsmelko2022astute,
  title={Astute Approach to Handling Memory Layouts of Regular Data Structures},
  author={{\v{S}}melko, Adam and Kruli{\v{s}}, Martin and Kratochv{\'\i}l, Miroslav and Klepl, Ji{\v{r}}{\'\i} and Mayer, Ji{\v{r}}{\'\i} and {\v{S}}im{\uu}nek, Petr},
  booktitle={International Conference on Algorithms and Architectures for Parallel Processing},
  pages={507--528},
  year={2022},
  organization={Springer}
}

@inproceedings{vsmelko2021gpu,
  title={GPU-Accelerated Mahalanobis-Average Hierarchical Clustering Analysis},
  author={{\v{S}}melko, Adam and Kratochv{\'\i}l, Miroslav and Kruli{\v{s}}, Martin and Sieger, Tom{\'a}{\v{s}}},
  booktitle={European Conference on Parallel Processing},
  pages={580--595},
  year={2021},
  organization={Springer}
}